%YAML 1.1
%TAG !u! tag:unity3d.com,2011:
--- !u!29 &1
OcclusionCullingSettings:
  m_ObjectHideFlags: 0
  serializedVersion: 2
  m_OcclusionBakeSettings:
    smallestOccluder: 5
    smallestHole: 0.25
    backfaceThreshold: 100
  m_SceneGUID: 00000000000000000000000000000000
  m_OcclusionCullingData: {fileID: 0}
--- !u!104 &2
RenderSettings:
  m_ObjectHideFlags: 0
  serializedVersion: 9
  m_Fog: 0
  m_FogColor: {r: 0.5, g: 0.5, b: 0.5, a: 1}
  m_FogMode: 3
  m_FogDensity: 0.01
  m_LinearFogStart: 0
  m_LinearFogEnd: 300
  m_AmbientSkyColor: {r: 0.212, g: 0.227, b: 0.259, a: 1}
  m_AmbientEquatorColor: {r: 0.114, g: 0.125, b: 0.133, a: 1}
  m_AmbientGroundColor: {r: 0.047, g: 0.043, b: 0.035, a: 1}
  m_AmbientIntensity: 1
  m_AmbientMode: 3
  m_SubtractiveShadowColor: {r: 0.42, g: 0.478, b: 0.627, a: 1}
  m_SkyboxMaterial: {fileID: 0}
  m_HaloStrength: 0.5
  m_FlareStrength: 1
  m_FlareFadeSpeed: 3
  m_HaloTexture: {fileID: 0}
  m_SpotCookie: {fileID: 10001, guid: 0000000000000000e000000000000000, type: 0}
  m_DefaultReflectionMode: 0
  m_DefaultReflectionResolution: 128
  m_ReflectionBounces: 1
  m_ReflectionIntensity: 1
  m_CustomReflection: {fileID: 0}
  m_Sun: {fileID: 0}
  m_IndirectSpecularColor: {r: 0, g: 0, b: 0, a: 1}
  m_UseRadianceAmbientProbe: 0
--- !u!157 &3
LightmapSettings:
  m_ObjectHideFlags: 0
  serializedVersion: 11
  m_GIWorkflowMode: 1
  m_GISettings:
    serializedVersion: 2
    m_BounceScale: 1
    m_IndirectOutputScale: 1
    m_AlbedoBoost: 1
    m_EnvironmentLightingMode: 0
    m_EnableBakedLightmaps: 0
    m_EnableRealtimeLightmaps: 0
  m_LightmapEditorSettings:
    serializedVersion: 12
    m_Resolution: 2
    m_BakeResolution: 40
    m_AtlasSize: 1024
    m_AO: 0
    m_AOMaxDistance: 1
    m_CompAOExponent: 1
    m_CompAOExponentDirect: 0
    m_ExtractAmbientOcclusion: 0
    m_Padding: 2
    m_LightmapParameters: {fileID: 0}
    m_LightmapsBakeMode: 1
    m_TextureCompression: 1
    m_FinalGather: 0
    m_FinalGatherFiltering: 1
    m_FinalGatherRayCount: 256
    m_ReflectionCompression: 2
    m_MixedBakeMode: 2
    m_BakeBackend: 0
    m_PVRSampling: 1
    m_PVRDirectSampleCount: 32
    m_PVRSampleCount: 500
    m_PVRBounces: 2
    m_PVREnvironmentSampleCount: 500
    m_PVREnvironmentReferencePointCount: 2048
    m_PVRFilteringMode: 2
    m_PVRDenoiserTypeDirect: 0
    m_PVRDenoiserTypeIndirect: 0
    m_PVRDenoiserTypeAO: 0
    m_PVRFilterTypeDirect: 0
    m_PVRFilterTypeIndirect: 0
    m_PVRFilterTypeAO: 0
    m_PVREnvironmentMIS: 0
    m_PVRCulling: 1
    m_PVRFilteringGaussRadiusDirect: 1
    m_PVRFilteringGaussRadiusIndirect: 5
    m_PVRFilteringGaussRadiusAO: 2
    m_PVRFilteringAtrousPositionSigmaDirect: 0.5
    m_PVRFilteringAtrousPositionSigmaIndirect: 2
    m_PVRFilteringAtrousPositionSigmaAO: 1
    m_ExportTrainingData: 0
    m_TrainingDataDestination: TrainingData
    m_LightProbeSampleCountMultiplier: 4
  m_LightingDataAsset: {fileID: 0}
  m_UseShadowmask: 1
--- !u!196 &4
NavMeshSettings:
  serializedVersion: 2
  m_ObjectHideFlags: 0
  m_BuildSettings:
    serializedVersion: 2
    agentTypeID: 0
    agentRadius: 0.5
    agentHeight: 2
    agentSlope: 45
    agentClimb: 0.4
    ledgeDropHeight: 0
    maxJumpAcrossDistance: 0
    minRegionArea: 2
    manualCellSize: 0
    cellSize: 0.16666667
    manualTileSize: 0
    tileSize: 256
    accuratePlacement: 0
    debug:
      m_Flags: 0
  m_NavMeshData: {fileID: 0}
--- !u!20 &519420031 stripped
Camera:
  m_CorrespondingSourceObject: {fileID: 7645049400012245424, guid: 5651828c1538ec54db1a6a24ea751906,
    type: 3}
  m_PrefabInstance: {fileID: 7645049399927550415}
  m_PrefabAsset: {fileID: 0}
--- !u!1001 &569678475
PrefabInstance:
  m_ObjectHideFlags: 0
  serializedVersion: 2
  m_Modification:
    m_TransformParent: {fileID: 0}
    m_Modifications:
    - target: {fileID: 1564584813327293698, guid: 831cdb62fbad4bd48958d02897ed2239,
        type: 3}
      propertyPath: m_Layer
      value: 11
      objectReference: {fileID: 0}
    - target: {fileID: 1838050473605332493, guid: 831cdb62fbad4bd48958d02897ed2239,
        type: 3}
      propertyPath: m_Layer
      value: 11
      objectReference: {fileID: 0}
    - target: {fileID: 1913587688158643954, guid: 831cdb62fbad4bd48958d02897ed2239,
        type: 3}
      propertyPath: m_LocalPosition.z
      value: -5
      objectReference: {fileID: 0}
    - target: {fileID: 1918707556311608497, guid: 831cdb62fbad4bd48958d02897ed2239,
        type: 3}
      propertyPath: m_FontData.m_FontSize
      value: 40
      objectReference: {fileID: 0}
    - target: {fileID: 1918707556311608497, guid: 831cdb62fbad4bd48958d02897ed2239,
        type: 3}
      propertyPath: m_FontData.m_MinSize
      value: 4
      objectReference: {fileID: 0}
    - target: {fileID: 1918707556311608497, guid: 831cdb62fbad4bd48958d02897ed2239,
        type: 3}
      propertyPath: m_FontData.m_FontStyle
      value: 1
      objectReference: {fileID: 0}
    - target: {fileID: 2023082044192913484, guid: 831cdb62fbad4bd48958d02897ed2239,
        type: 3}
      propertyPath: m_OnClick.m_PersistentCalls.m_Calls.Array.size
      value: 1
      objectReference: {fileID: 0}
    - target: {fileID: 2023082044192913484, guid: 831cdb62fbad4bd48958d02897ed2239,
        type: 3}
      propertyPath: m_OnClick.m_PersistentCalls.m_Calls.Array.data[0].m_Mode
      value: 1
      objectReference: {fileID: 0}
    - target: {fileID: 2023082044192913484, guid: 831cdb62fbad4bd48958d02897ed2239,
        type: 3}
      propertyPath: m_OnClick.m_PersistentCalls.m_Calls.Array.data[0].m_CallState
      value: 2
      objectReference: {fileID: 0}
    - target: {fileID: 2023082044192913484, guid: 831cdb62fbad4bd48958d02897ed2239,
        type: 3}
      propertyPath: m_OnClick.m_PersistentCalls.m_Calls.Array.data[0].m_Target
      value: 
      objectReference: {fileID: 1118025960}
    - target: {fileID: 2023082044192913484, guid: 831cdb62fbad4bd48958d02897ed2239,
        type: 3}
      propertyPath: m_OnClick.m_PersistentCalls.m_Calls.Array.data[0].m_MethodName
      value: LoadTopDownDragonShooterScene
      objectReference: {fileID: 0}
    - target: {fileID: 2023082044192913484, guid: 831cdb62fbad4bd48958d02897ed2239,
        type: 3}
      propertyPath: m_OnClick.m_PersistentCalls.m_Calls.Array.data[0].m_Arguments.m_ObjectArgumentAssemblyTypeName
      value: UnityEngine.Object, UnityEngine
      objectReference: {fileID: 0}
    - target: {fileID: 3044864641569514130, guid: 831cdb62fbad4bd48958d02897ed2239,
        type: 3}
      propertyPath: m_AnchoredPosition.x
      value: -23
      objectReference: {fileID: 0}
    - target: {fileID: 3044864641569514130, guid: 831cdb62fbad4bd48958d02897ed2239,
        type: 3}
      propertyPath: m_AnchoredPosition.y
      value: 453
      objectReference: {fileID: 0}
    - target: {fileID: 3133561529695740518, guid: 831cdb62fbad4bd48958d02897ed2239,
        type: 3}
      propertyPath: m_FontData.m_FontSize
      value: 40
      objectReference: {fileID: 0}
    - target: {fileID: 3133561529695740518, guid: 831cdb62fbad4bd48958d02897ed2239,
        type: 3}
      propertyPath: m_FontData.m_MinSize
      value: 4
      objectReference: {fileID: 0}
    - target: {fileID: 3133561529695740518, guid: 831cdb62fbad4bd48958d02897ed2239,
        type: 3}
      propertyPath: m_FontData.m_FontStyle
      value: 1
      objectReference: {fileID: 0}
    - target: {fileID: 3530547122653187420, guid: 831cdb62fbad4bd48958d02897ed2239,
        type: 3}
      propertyPath: m_SizeDelta.x
      value: 300
      objectReference: {fileID: 0}
    - target: {fileID: 3530547122653187420, guid: 831cdb62fbad4bd48958d02897ed2239,
        type: 3}
      propertyPath: m_SizeDelta.y
      value: 100
      objectReference: {fileID: 0}
    - target: {fileID: 3530547122653187420, guid: 831cdb62fbad4bd48958d02897ed2239,
        type: 3}
      propertyPath: m_AnchoredPosition.x
      value: 0
      objectReference: {fileID: 0}
    - target: {fileID: 3530547122653187420, guid: 831cdb62fbad4bd48958d02897ed2239,
        type: 3}
      propertyPath: m_AnchoredPosition.y
      value: -202
      objectReference: {fileID: 0}
    - target: {fileID: 4023404785716783469, guid: 831cdb62fbad4bd48958d02897ed2239,
        type: 3}
      propertyPath: m_Layer
      value: 11
      objectReference: {fileID: 0}
    - target: {fileID: 4235661647036521083, guid: 831cdb62fbad4bd48958d02897ed2239,
        type: 3}
      propertyPath: m_fontSize
      value: 60
      objectReference: {fileID: 0}
    - target: {fileID: 4235661647036521083, guid: 831cdb62fbad4bd48958d02897ed2239,
        type: 3}
      propertyPath: m_fontSizeBase
      value: 60
      objectReference: {fileID: 0}
    - target: {fileID: 4668698391643481349, guid: 831cdb62fbad4bd48958d02897ed2239,
        type: 3}
      propertyPath: spawnPointPrefab
      value: 
      objectReference: {fileID: 0}
    - target: {fileID: 4668698391643481349, guid: 831cdb62fbad4bd48958d02897ed2239,
        type: 3}
      propertyPath: canvas
      value: 
      objectReference: {fileID: 1376779014}
    - target: {fileID: 4967144996748657590, guid: 831cdb62fbad4bd48958d02897ed2239,
        type: 3}
      propertyPath: m_LocalPosition.z
      value: 0
      objectReference: {fileID: 0}
    - target: {fileID: 5403789738586479337, guid: 831cdb62fbad4bd48958d02897ed2239,
        type: 3}
      propertyPath: m_OnClick.m_PersistentCalls.m_Calls.Array.data[0].m_Target
      value: 
      objectReference: {fileID: 1118025960}
    - target: {fileID: 5612111099441608589, guid: 831cdb62fbad4bd48958d02897ed2239,
        type: 3}
      propertyPath: m_AnchoredPosition.x
      value: 180
      objectReference: {fileID: 0}
    - target: {fileID: 5612111099441608589, guid: 831cdb62fbad4bd48958d02897ed2239,
        type: 3}
      propertyPath: m_SizeDelta.x
      value: 180
      objectReference: {fileID: 0}
    - target: {fileID: 5612111099441608589, guid: 831cdb62fbad4bd48958d02897ed2239,
        type: 3}
      propertyPath: m_AnchoredPosition.y
      value: 180
      objectReference: {fileID: 0}
    - target: {fileID: 5612111099441608589, guid: 831cdb62fbad4bd48958d02897ed2239,
        type: 3}
      propertyPath: m_SizeDelta.y
      value: 180
      objectReference: {fileID: 0}
    - target: {fileID: 5612111100102222320, guid: 831cdb62fbad4bd48958d02897ed2239,
        type: 3}
      propertyPath: m_SizeDelta.x
      value: 90
      objectReference: {fileID: 0}
    - target: {fileID: 5612111100102222320, guid: 831cdb62fbad4bd48958d02897ed2239,
        type: 3}
      propertyPath: m_SizeDelta.y
      value: 90
      objectReference: {fileID: 0}
    - target: {fileID: 5612111100102222320, guid: 831cdb62fbad4bd48958d02897ed2239,
        type: 3}
      propertyPath: m_AnchorMax.x
      value: 0.5
      objectReference: {fileID: 0}
    - target: {fileID: 5612111100102222320, guid: 831cdb62fbad4bd48958d02897ed2239,
        type: 3}
      propertyPath: m_AnchoredPosition.x
      value: 0
      objectReference: {fileID: 0}
    - target: {fileID: 5612111100388467210, guid: 831cdb62fbad4bd48958d02897ed2239,
        type: 3}
      propertyPath: m_AnchoredPosition.x
      value: -200
      objectReference: {fileID: 0}
    - target: {fileID: 5612111100388467210, guid: 831cdb62fbad4bd48958d02897ed2239,
        type: 3}
      propertyPath: m_AnchoredPosition.y
      value: 180
      objectReference: {fileID: 0}
    - target: {fileID: 5612111100388467210, guid: 831cdb62fbad4bd48958d02897ed2239,
        type: 3}
      propertyPath: m_SizeDelta.x
      value: 180
      objectReference: {fileID: 0}
    - target: {fileID: 5612111100388467210, guid: 831cdb62fbad4bd48958d02897ed2239,
        type: 3}
      propertyPath: m_SizeDelta.y
      value: 180
      objectReference: {fileID: 0}
    - target: {fileID: 5612111100388467210, guid: 831cdb62fbad4bd48958d02897ed2239,
        type: 3}
      propertyPath: m_AnchorMin.x
      value: 1
      objectReference: {fileID: 0}
    - target: {fileID: 5612111100388467210, guid: 831cdb62fbad4bd48958d02897ed2239,
        type: 3}
      propertyPath: m_AnchorMax.x
      value: 1
      objectReference: {fileID: 0}
    - target: {fileID: 5612111101300749431, guid: 831cdb62fbad4bd48958d02897ed2239,
        type: 3}
      propertyPath: m_AnchoredPosition.x
      value: 0
      objectReference: {fileID: 0}
    - target: {fileID: 5612111101300749431, guid: 831cdb62fbad4bd48958d02897ed2239,
        type: 3}
      propertyPath: m_AnchoredPosition.y
      value: 0
      objectReference: {fileID: 0}
    - target: {fileID: 5612111101300749431, guid: 831cdb62fbad4bd48958d02897ed2239,
        type: 3}
      propertyPath: m_SizeDelta.x
      value: 90
      objectReference: {fileID: 0}
    - target: {fileID: 5612111101300749431, guid: 831cdb62fbad4bd48958d02897ed2239,
        type: 3}
      propertyPath: m_SizeDelta.y
      value: 90
      objectReference: {fileID: 0}
    - target: {fileID: 5885039047289211198, guid: 831cdb62fbad4bd48958d02897ed2239,
        type: 3}
      propertyPath: m_Layer
      value: 11
      objectReference: {fileID: 0}
    - target: {fileID: 6441344724452324222, guid: 831cdb62fbad4bd48958d02897ed2239,
        type: 3}
      propertyPath: m_AnchoredPosition.x
      value: -155
      objectReference: {fileID: 0}
    - target: {fileID: 6441344724452324222, guid: 831cdb62fbad4bd48958d02897ed2239,
        type: 3}
      propertyPath: m_AnchoredPosition.y
      value: 453.00003
      objectReference: {fileID: 0}
    - target: {fileID: 7297223520033184194, guid: 831cdb62fbad4bd48958d02897ed2239,
        type: 3}
      propertyPath: m_AnchoredPosition.x
      value: -2.3
      objectReference: {fileID: 0}
    - target: {fileID: 7297223520033184194, guid: 831cdb62fbad4bd48958d02897ed2239,
        type: 3}
      propertyPath: m_AnchoredPosition.y
      value: -536.3
      objectReference: {fileID: 0}
    - target: {fileID: 7297223520033184194, guid: 831cdb62fbad4bd48958d02897ed2239,
        type: 3}
      propertyPath: m_SizeDelta.x
      value: 534.2499
      objectReference: {fileID: 0}
    - target: {fileID: 7297223520033184194, guid: 831cdb62fbad4bd48958d02897ed2239,
        type: 3}
      propertyPath: m_SizeDelta.y
      value: 25.51566
      objectReference: {fileID: 0}
    - target: {fileID: 7297223520507889280, guid: 831cdb62fbad4bd48958d02897ed2239,
        type: 3}
      propertyPath: cam
      value: 
      objectReference: {fileID: 519420031}
    - target: {fileID: 7297223520507889287, guid: 831cdb62fbad4bd48958d02897ed2239,
        type: 3}
      propertyPath: m_LocalPosition.y
      value: -236
      objectReference: {fileID: 0}
    - target: {fileID: 7297223520507889287, guid: 831cdb62fbad4bd48958d02897ed2239,
        type: 3}
      propertyPath: m_LocalScale.y
      value: 27.61648
      objectReference: {fileID: 0}
    - target: {fileID: 7297223520507889287, guid: 831cdb62fbad4bd48958d02897ed2239,
        type: 3}
      propertyPath: m_LocalPosition.x
      value: -109.8
      objectReference: {fileID: 0}
    - target: {fileID: 7297223520507889287, guid: 831cdb62fbad4bd48958d02897ed2239,
        type: 3}
      propertyPath: m_LocalScale.x
      value: 13.87331
      objectReference: {fileID: 0}
    - target: {fileID: 7297223520682917555, guid: 831cdb62fbad4bd48958d02897ed2239,
        type: 3}
      propertyPath: m_AnchoredPosition.x
      value: -282.8
      objectReference: {fileID: 0}
    - target: {fileID: 7297223520682917555, guid: 831cdb62fbad4bd48958d02897ed2239,
        type: 3}
      propertyPath: m_AnchoredPosition.y
      value: 7.2
      objectReference: {fileID: 0}
    - target: {fileID: 7297223520682917555, guid: 831cdb62fbad4bd48958d02897ed2239,
        type: 3}
      propertyPath: m_SizeDelta.x
      value: 26.712551
      objectReference: {fileID: 0}
    - target: {fileID: 7297223520682917555, guid: 831cdb62fbad4bd48958d02897ed2239,
        type: 3}
      propertyPath: m_SizeDelta.y
      value: 1138.9873
      objectReference: {fileID: 0}
    - target: {fileID: 7297223520712830791, guid: 831cdb62fbad4bd48958d02897ed2239,
        type: 3}
      propertyPath: m_AnchoredPosition.y
      value: 496.66
      objectReference: {fileID: 0}
    - target: {fileID: 7297223520712830791, guid: 831cdb62fbad4bd48958d02897ed2239,
        type: 3}
      propertyPath: m_SizeDelta.y
      value: 1340.9697
      objectReference: {fileID: 0}
    - target: {fileID: 7297223520712830791, guid: 831cdb62fbad4bd48958d02897ed2239,
        type: 3}
      propertyPath: m_AnchoredPosition.x
      value: 241.62
      objectReference: {fileID: 0}
    - target: {fileID: 7297223520712830791, guid: 831cdb62fbad4bd48958d02897ed2239,
        type: 3}
      propertyPath: m_SizeDelta.x
      value: 652.3638
      objectReference: {fileID: 0}
    - target: {fileID: 7297223521037778113, guid: 831cdb62fbad4bd48958d02897ed2239,
        type: 3}
      propertyPath: m_AnchoredPosition.x
      value: 278.2
      objectReference: {fileID: 0}
    - target: {fileID: 7297223521037778113, guid: 831cdb62fbad4bd48958d02897ed2239,
        type: 3}
      propertyPath: m_AnchoredPosition.y
      value: 7.2
      objectReference: {fileID: 0}
    - target: {fileID: 7297223521037778113, guid: 831cdb62fbad4bd48958d02897ed2239,
        type: 3}
      propertyPath: m_SizeDelta.x
      value: 26.712551
      objectReference: {fileID: 0}
    - target: {fileID: 7297223521037778113, guid: 831cdb62fbad4bd48958d02897ed2239,
        type: 3}
      propertyPath: m_SizeDelta.y
      value: 1138.9872
      objectReference: {fileID: 0}
    - target: {fileID: 7297223521054169572, guid: 831cdb62fbad4bd48958d02897ed2239,
        type: 3}
      propertyPath: m_AnchoredPosition.x
      value: -2.3
      objectReference: {fileID: 0}
    - target: {fileID: 7297223521054169572, guid: 831cdb62fbad4bd48958d02897ed2239,
        type: 3}
      propertyPath: m_AnchoredPosition.y
      value: 541.8
      objectReference: {fileID: 0}
    - target: {fileID: 7297223521054169572, guid: 831cdb62fbad4bd48958d02897ed2239,
        type: 3}
      propertyPath: m_SizeDelta.x
      value: 534.2519
      objectReference: {fileID: 0}
    - target: {fileID: 7297223521054169572, guid: 831cdb62fbad4bd48958d02897ed2239,
        type: 3}
      propertyPath: m_SizeDelta.y
      value: 25.51566
      objectReference: {fileID: 0}
    - target: {fileID: 7297223521718681408, guid: 831cdb62fbad4bd48958d02897ed2239,
        type: 3}
      propertyPath: m_Name
      value: Environment
      objectReference: {fileID: 0}
    - target: {fileID: 7297223521718681408, guid: 831cdb62fbad4bd48958d02897ed2239,
        type: 3}
      propertyPath: m_TagString
      value: TopDownCanvas
      objectReference: {fileID: 0}
    - target: {fileID: 7297223521718681412, guid: 831cdb62fbad4bd48958d02897ed2239,
        type: 3}
      propertyPath: m_LocalPosition.x
      value: 0
      objectReference: {fileID: 0}
    - target: {fileID: 7297223521718681412, guid: 831cdb62fbad4bd48958d02897ed2239,
        type: 3}
      propertyPath: m_LocalPosition.y
      value: 0
      objectReference: {fileID: 0}
    - target: {fileID: 7297223521718681412, guid: 831cdb62fbad4bd48958d02897ed2239,
        type: 3}
      propertyPath: m_LocalPosition.z
      value: 0
      objectReference: {fileID: 0}
    - target: {fileID: 7297223521718681412, guid: 831cdb62fbad4bd48958d02897ed2239,
        type: 3}
      propertyPath: m_LocalRotation.x
      value: 0
      objectReference: {fileID: 0}
    - target: {fileID: 7297223521718681412, guid: 831cdb62fbad4bd48958d02897ed2239,
        type: 3}
      propertyPath: m_LocalRotation.y
      value: 0
      objectReference: {fileID: 0}
    - target: {fileID: 7297223521718681412, guid: 831cdb62fbad4bd48958d02897ed2239,
        type: 3}
      propertyPath: m_LocalRotation.z
      value: 0
      objectReference: {fileID: 0}
    - target: {fileID: 7297223521718681412, guid: 831cdb62fbad4bd48958d02897ed2239,
        type: 3}
      propertyPath: m_LocalRotation.w
      value: 1
      objectReference: {fileID: 0}
    - target: {fileID: 7297223521718681412, guid: 831cdb62fbad4bd48958d02897ed2239,
        type: 3}
      propertyPath: m_RootOrder
      value: 1
      objectReference: {fileID: 0}
    - target: {fileID: 7297223521718681412, guid: 831cdb62fbad4bd48958d02897ed2239,
        type: 3}
      propertyPath: m_LocalEulerAnglesHint.x
      value: 0
      objectReference: {fileID: 0}
    - target: {fileID: 7297223521718681412, guid: 831cdb62fbad4bd48958d02897ed2239,
        type: 3}
      propertyPath: m_LocalEulerAnglesHint.y
      value: 0
      objectReference: {fileID: 0}
    - target: {fileID: 7297223521718681412, guid: 831cdb62fbad4bd48958d02897ed2239,
        type: 3}
      propertyPath: m_LocalEulerAnglesHint.z
      value: 0
      objectReference: {fileID: 0}
    - target: {fileID: 7297223521718681412, guid: 831cdb62fbad4bd48958d02897ed2239,
        type: 3}
      propertyPath: m_AnchoredPosition.x
      value: 0
      objectReference: {fileID: 0}
    - target: {fileID: 7297223521718681412, guid: 831cdb62fbad4bd48958d02897ed2239,
        type: 3}
      propertyPath: m_AnchoredPosition.y
      value: 0
      objectReference: {fileID: 0}
    - target: {fileID: 7297223521718681412, guid: 831cdb62fbad4bd48958d02897ed2239,
        type: 3}
      propertyPath: m_SizeDelta.x
      value: 0
      objectReference: {fileID: 0}
    - target: {fileID: 7297223521718681412, guid: 831cdb62fbad4bd48958d02897ed2239,
        type: 3}
      propertyPath: m_SizeDelta.y
      value: 0
      objectReference: {fileID: 0}
    - target: {fileID: 7297223521718681412, guid: 831cdb62fbad4bd48958d02897ed2239,
        type: 3}
      propertyPath: m_AnchorMin.x
      value: 0
      objectReference: {fileID: 0}
    - target: {fileID: 7297223521718681412, guid: 831cdb62fbad4bd48958d02897ed2239,
        type: 3}
      propertyPath: m_AnchorMin.y
      value: 0
      objectReference: {fileID: 0}
    - target: {fileID: 7297223521718681412, guid: 831cdb62fbad4bd48958d02897ed2239,
        type: 3}
      propertyPath: m_AnchorMax.x
      value: 0
      objectReference: {fileID: 0}
    - target: {fileID: 7297223521718681412, guid: 831cdb62fbad4bd48958d02897ed2239,
        type: 3}
      propertyPath: m_AnchorMax.y
      value: 0
      objectReference: {fileID: 0}
    - target: {fileID: 7297223521718681412, guid: 831cdb62fbad4bd48958d02897ed2239,
        type: 3}
      propertyPath: m_Pivot.x
      value: 0
      objectReference: {fileID: 0}
    - target: {fileID: 7297223521718681412, guid: 831cdb62fbad4bd48958d02897ed2239,
        type: 3}
      propertyPath: m_Pivot.y
      value: 0
      objectReference: {fileID: 0}
    - target: {fileID: 7297223521718681414, guid: 831cdb62fbad4bd48958d02897ed2239,
        type: 3}
      propertyPath: m_MatchWidthOrHeight
      value: 0.5
      objectReference: {fileID: 0}
    - target: {fileID: 7297223521718681415, guid: 831cdb62fbad4bd48958d02897ed2239,
        type: 3}
      propertyPath: m_Camera
      value: 
      objectReference: {fileID: 519420031}
    - target: {fileID: 7639405839429175402, guid: 831cdb62fbad4bd48958d02897ed2239,
        type: 3}
      propertyPath: m_AnchoredPosition.x
      value: 0.0000076293945
      objectReference: {fileID: 0}
    - target: {fileID: 7639405839429175402, guid: 831cdb62fbad4bd48958d02897ed2239,
        type: 3}
      propertyPath: m_AnchoredPosition.y
      value: -50.000004
      objectReference: {fileID: 0}
    - target: {fileID: 7639405839429175402, guid: 831cdb62fbad4bd48958d02897ed2239,
        type: 3}
      propertyPath: m_SizeDelta.x
      value: 300
      objectReference: {fileID: 0}
    - target: {fileID: 7639405839429175402, guid: 831cdb62fbad4bd48958d02897ed2239,
        type: 3}
      propertyPath: m_SizeDelta.y
      value: 100
      objectReference: {fileID: 0}
    - target: {fileID: 9088392949461133462, guid: 831cdb62fbad4bd48958d02897ed2239,
        type: 3}
      propertyPath: m_Layer
      value: 11
      objectReference: {fileID: 0}
    m_RemovedComponents: []
  m_SourcePrefab: {fileID: 100100000, guid: 831cdb62fbad4bd48958d02897ed2239, type: 3}
--- !u!1 &569678476 stripped
GameObject:
  m_CorrespondingSourceObject: {fileID: 1913587688158643955, guid: 831cdb62fbad4bd48958d02897ed2239,
    type: 3}
  m_PrefabInstance: {fileID: 569678475}
  m_PrefabAsset: {fileID: 0}
--- !u!114 &569678477 stripped
MonoBehaviour:
  m_CorrespondingSourceObject: {fileID: 1023458352372063422, guid: 831cdb62fbad4bd48958d02897ed2239,
    type: 3}
  m_PrefabInstance: {fileID: 569678475}
  m_PrefabAsset: {fileID: 0}
  m_GameObject: {fileID: 0}
  m_Enabled: 1
  m_EditorHideFlags: 0
  m_Script: {fileID: 11500000, guid: f4688fdb7df04437aeb418b961361dc5, type: 3}
  m_Name: 
  m_EditorClassIdentifier: 
--- !u!212 &569678478
SpriteRenderer:
  m_ObjectHideFlags: 0
  m_CorrespondingSourceObject: {fileID: 0}
  m_PrefabInstance: {fileID: 0}
  m_PrefabAsset: {fileID: 0}
  m_GameObject: {fileID: 569678476}
  m_Enabled: 1
  m_CastShadows: 0
  m_ReceiveShadows: 0
  m_DynamicOccludee: 1
  m_MotionVectors: 1
  m_LightProbeUsage: 1
  m_ReflectionProbeUsage: 1
  m_RayTracingMode: 0
  m_RenderingLayerMask: 1
  m_RendererPriority: 0
  m_Materials:
  - {fileID: 10754, guid: 0000000000000000f000000000000000, type: 0}
  m_StaticBatchInfo:
    firstSubMesh: 0
    subMeshCount: 0
  m_StaticBatchRoot: {fileID: 0}
  m_ProbeAnchor: {fileID: 0}
  m_LightProbeVolumeOverride: {fileID: 0}
  m_ScaleInLightmap: 1
  m_ReceiveGI: 1
  m_PreserveUVs: 0
  m_IgnoreNormalsForChartDetection: 0
  m_ImportantGI: 0
  m_StitchLightmapSeams: 1
  m_SelectedEditorRenderState: 0
  m_MinimumChartSize: 4
  m_AutoUVMaxDistance: 0.5
  m_AutoUVMaxAngle: 89
  m_LightmapParameters: {fileID: 0}
  m_SortingLayerID: 0
  m_SortingLayer: 0
  m_SortingOrder: 11
  m_Sprite: {fileID: 0}
  m_Color: {r: 1, g: 1, b: 1, a: 1}
  m_FlipX: 0
  m_FlipY: 0
  m_DrawMode: 0
  m_Size: {x: 1, y: 1}
  m_AdaptiveModeThreshold: 0.5
  m_SpriteTileMode: 0
  m_WasSpriteAssigned: 0
  m_MaskInteraction: 0
  m_SpriteSortPoint: 0
--- !u!1 &877182194
GameObject:
  m_ObjectHideFlags: 0
  m_CorrespondingSourceObject: {fileID: 0}
  m_PrefabInstance: {fileID: 0}
  m_PrefabAsset: {fileID: 0}
  serializedVersion: 6
  m_Component:
  - component: {fileID: 877182197}
  - component: {fileID: 877182196}
  - component: {fileID: 877182195}
  m_Layer: 0
  m_Name: EventSystem
  m_TagString: Untagged
  m_Icon: {fileID: 0}
  m_NavMeshLayer: 0
  m_StaticEditorFlags: 0
  m_IsActive: 1
--- !u!114 &877182195
MonoBehaviour:
  m_ObjectHideFlags: 0
  m_CorrespondingSourceObject: {fileID: 0}
  m_PrefabInstance: {fileID: 0}
  m_PrefabAsset: {fileID: 0}
  m_GameObject: {fileID: 877182194}
  m_Enabled: 1
  m_EditorHideFlags: 0
  m_Script: {fileID: 11500000, guid: 4f231c4fb786f3946a6b90b886c48677, type: 3}
  m_Name: 
  m_EditorClassIdentifier: 
  m_HorizontalAxis: Horizontal
  m_VerticalAxis: Vertical
  m_SubmitButton: Submit
  m_CancelButton: Cancel
  m_InputActionsPerSecond: 10
  m_RepeatDelay: 0.5
  m_ForceModuleActive: 0
--- !u!114 &877182196
MonoBehaviour:
  m_ObjectHideFlags: 0
  m_CorrespondingSourceObject: {fileID: 0}
  m_PrefabInstance: {fileID: 0}
  m_PrefabAsset: {fileID: 0}
  m_GameObject: {fileID: 877182194}
  m_Enabled: 1
  m_EditorHideFlags: 0
  m_Script: {fileID: 11500000, guid: 76c392e42b5098c458856cdf6ecaaaa1, type: 3}
  m_Name: 
  m_EditorClassIdentifier: 
  m_FirstSelected: {fileID: 0}
  m_sendNavigationEvents: 1
  m_DragThreshold: 10
--- !u!4 &877182197
Transform:
  m_ObjectHideFlags: 0
  m_CorrespondingSourceObject: {fileID: 0}
  m_PrefabInstance: {fileID: 0}
  m_PrefabAsset: {fileID: 0}
  m_GameObject: {fileID: 877182194}
  m_LocalRotation: {x: 0, y: 0, z: 0, w: 1}
  m_LocalPosition: {x: 0, y: 0, z: 0}
  m_LocalScale: {x: 1, y: 1, z: 1}
  m_Children: []
  m_Father: {fileID: 0}
  m_RootOrder: 2
  m_LocalEulerAnglesHint: {x: 0, y: 0, z: 0}
--- !u!1001 &1118025959
PrefabInstance:
  m_ObjectHideFlags: 0
  serializedVersion: 2
  m_Modification:
    m_TransformParent: {fileID: 0}
    m_Modifications:
    - target: {fileID: 8593073460308730744, guid: b878560f5683882489b391dfc577c766,
        type: 3}
      propertyPath: m_Name
      value: SceneLoader
      objectReference: {fileID: 0}
    - target: {fileID: 8593073460308730746, guid: b878560f5683882489b391dfc577c766,
        type: 3}
      propertyPath: m_LocalPosition.x
      value: 863.2126
      objectReference: {fileID: 0}
    - target: {fileID: 8593073460308730746, guid: b878560f5683882489b391dfc577c766,
        type: 3}
      propertyPath: m_LocalPosition.y
      value: 1251.0774
      objectReference: {fileID: 0}
    - target: {fileID: 8593073460308730746, guid: b878560f5683882489b391dfc577c766,
        type: 3}
      propertyPath: m_LocalPosition.z
      value: -103.75
      objectReference: {fileID: 0}
    - target: {fileID: 8593073460308730746, guid: b878560f5683882489b391dfc577c766,
        type: 3}
      propertyPath: m_LocalRotation.x
      value: 0
      objectReference: {fileID: 0}
    - target: {fileID: 8593073460308730746, guid: b878560f5683882489b391dfc577c766,
        type: 3}
      propertyPath: m_LocalRotation.y
      value: 0
      objectReference: {fileID: 0}
    - target: {fileID: 8593073460308730746, guid: b878560f5683882489b391dfc577c766,
        type: 3}
      propertyPath: m_LocalRotation.z
      value: 0
      objectReference: {fileID: 0}
    - target: {fileID: 8593073460308730746, guid: b878560f5683882489b391dfc577c766,
        type: 3}
      propertyPath: m_LocalRotation.w
      value: 1
      objectReference: {fileID: 0}
    - target: {fileID: 8593073460308730746, guid: b878560f5683882489b391dfc577c766,
        type: 3}
      propertyPath: m_RootOrder
      value: 5
      objectReference: {fileID: 0}
    - target: {fileID: 8593073460308730746, guid: b878560f5683882489b391dfc577c766,
        type: 3}
      propertyPath: m_LocalEulerAnglesHint.x
      value: 0
      objectReference: {fileID: 0}
    - target: {fileID: 8593073460308730746, guid: b878560f5683882489b391dfc577c766,
        type: 3}
      propertyPath: m_LocalEulerAnglesHint.y
      value: 0
      objectReference: {fileID: 0}
    - target: {fileID: 8593073460308730746, guid: b878560f5683882489b391dfc577c766,
        type: 3}
      propertyPath: m_LocalEulerAnglesHint.z
      value: 0
      objectReference: {fileID: 0}
    m_RemovedComponents: []
  m_SourcePrefab: {fileID: 100100000, guid: b878560f5683882489b391dfc577c766, type: 3}
--- !u!114 &1118025960 stripped
MonoBehaviour:
  m_CorrespondingSourceObject: {fileID: 8593073460308730745, guid: b878560f5683882489b391dfc577c766,
    type: 3}
  m_PrefabInstance: {fileID: 1118025959}
  m_PrefabAsset: {fileID: 0}
  m_GameObject: {fileID: 0}
  m_Enabled: 1
  m_EditorHideFlags: 0
  m_Script: {fileID: 11500000, guid: 7f134cb02fe684e4e8ac63452072aa79, type: 3}
  m_Name: 
  m_EditorClassIdentifier: 
--- !u!1 &1376779013 stripped
GameObject:
  m_CorrespondingSourceObject: {fileID: 7297223521718681408, guid: 831cdb62fbad4bd48958d02897ed2239,
    type: 3}
  m_PrefabInstance: {fileID: 569678475}
  m_PrefabAsset: {fileID: 0}
--- !u!224 &1376779014 stripped
RectTransform:
  m_CorrespondingSourceObject: {fileID: 7297223521718681412, guid: 831cdb62fbad4bd48958d02897ed2239,
    type: 3}
  m_PrefabInstance: {fileID: 569678475}
  m_PrefabAsset: {fileID: 0}
--- !u!114 &1376779015
MonoBehaviour:
  m_ObjectHideFlags: 0
  m_CorrespondingSourceObject: {fileID: 0}
  m_PrefabInstance: {fileID: 0}
  m_PrefabAsset: {fileID: 0}
  m_GameObject: {fileID: 1376779013}
  m_Enabled: 1
  m_EditorHideFlags: 0
  m_Script: {fileID: 11500000, guid: 9ca43dfe8fd49ca4199b1fb27f30b2a0, type: 3}
  m_Name: 
  m_EditorClassIdentifier: 
  spawnPointPrefab: {fileID: 1650276072}
--- !u!1 &1650276072 stripped
GameObject:
  m_CorrespondingSourceObject: {fileID: 5747312830173192743, guid: 6ba74a87386de8b47b638dce131c360e,
    type: 3}
  m_PrefabInstance: {fileID: 5747312831755818191}
  m_PrefabAsset: {fileID: 0}
--- !u!1001 &2003707942
PrefabInstance:
  m_ObjectHideFlags: 0
  serializedVersion: 2
  m_Modification:
    m_TransformParent: {fileID: 0}
    m_Modifications:
    - target: {fileID: 680855867845123032, guid: 50fcd35e15a494541827d9241c3a2b55,
        type: 3}
      propertyPath: m_Name
      value: SharedVariablesAcrossScenes
      objectReference: {fileID: 0}
    - target: {fileID: 2893173811188341705, guid: 50fcd35e15a494541827d9241c3a2b55,
        type: 3}
      propertyPath: m_LocalPosition.x
      value: 593.1514
      objectReference: {fileID: 0}
    - target: {fileID: 2893173811188341705, guid: 50fcd35e15a494541827d9241c3a2b55,
        type: 3}
      propertyPath: m_LocalPosition.y
      value: 1188.9014
      objectReference: {fileID: 0}
    - target: {fileID: 2893173811188341705, guid: 50fcd35e15a494541827d9241c3a2b55,
        type: 3}
      propertyPath: m_LocalPosition.z
      value: -487.25
      objectReference: {fileID: 0}
    - target: {fileID: 2893173811188341705, guid: 50fcd35e15a494541827d9241c3a2b55,
        type: 3}
      propertyPath: m_LocalRotation.x
      value: 0
      objectReference: {fileID: 0}
    - target: {fileID: 2893173811188341705, guid: 50fcd35e15a494541827d9241c3a2b55,
        type: 3}
      propertyPath: m_LocalRotation.y
      value: 0
      objectReference: {fileID: 0}
    - target: {fileID: 2893173811188341705, guid: 50fcd35e15a494541827d9241c3a2b55,
        type: 3}
      propertyPath: m_LocalRotation.z
      value: 0
      objectReference: {fileID: 0}
    - target: {fileID: 2893173811188341705, guid: 50fcd35e15a494541827d9241c3a2b55,
        type: 3}
      propertyPath: m_LocalRotation.w
      value: 1
      objectReference: {fileID: 0}
    - target: {fileID: 2893173811188341705, guid: 50fcd35e15a494541827d9241c3a2b55,
        type: 3}
      propertyPath: m_RootOrder
      value: 4
      objectReference: {fileID: 0}
    - target: {fileID: 2893173811188341705, guid: 50fcd35e15a494541827d9241c3a2b55,
        type: 3}
      propertyPath: m_LocalEulerAnglesHint.x
      value: 0
      objectReference: {fileID: 0}
    - target: {fileID: 2893173811188341705, guid: 50fcd35e15a494541827d9241c3a2b55,
        type: 3}
      propertyPath: m_LocalEulerAnglesHint.y
      value: 0
      objectReference: {fileID: 0}
    - target: {fileID: 2893173811188341705, guid: 50fcd35e15a494541827d9241c3a2b55,
        type: 3}
      propertyPath: m_LocalEulerAnglesHint.z
      value: 0
      objectReference: {fileID: 0}
    m_RemovedComponents: []
  m_SourcePrefab: {fileID: 100100000, guid: 50fcd35e15a494541827d9241c3a2b55, type: 3}
--- !u!1001 &3620854162745743830
PrefabInstance:
  m_ObjectHideFlags: 0
  serializedVersion: 2
  m_Modification:
    m_TransformParent: {fileID: 0}
    m_Modifications:
    - target: {fileID: 5457928801462059466, guid: 508c68703ad5daa4d9ad715738ccdf3b,
        type: 3}
      propertyPath: m_Name
      value: GameStatusTopDownDragonShooter
      objectReference: {fileID: 0}
    - target: {fileID: 6005783862230782762, guid: 508c68703ad5daa4d9ad715738ccdf3b,
        type: 3}
      propertyPath: m_LocalPosition.x
      value: -0.5735275
      objectReference: {fileID: 0}
    - target: {fileID: 6005783862230782762, guid: 508c68703ad5daa4d9ad715738ccdf3b,
        type: 3}
      propertyPath: m_LocalPosition.y
      value: 0.070092246
      objectReference: {fileID: 0}
    - target: {fileID: 6005783862230782762, guid: 508c68703ad5daa4d9ad715738ccdf3b,
        type: 3}
      propertyPath: m_LocalPosition.z
      value: -10.145601
      objectReference: {fileID: 0}
    - target: {fileID: 6005783862230782762, guid: 508c68703ad5daa4d9ad715738ccdf3b,
        type: 3}
      propertyPath: m_LocalRotation.x
      value: 0
      objectReference: {fileID: 0}
    - target: {fileID: 6005783862230782762, guid: 508c68703ad5daa4d9ad715738ccdf3b,
        type: 3}
      propertyPath: m_LocalRotation.y
      value: 0
      objectReference: {fileID: 0}
    - target: {fileID: 6005783862230782762, guid: 508c68703ad5daa4d9ad715738ccdf3b,
        type: 3}
      propertyPath: m_LocalRotation.z
      value: 0
      objectReference: {fileID: 0}
    - target: {fileID: 6005783862230782762, guid: 508c68703ad5daa4d9ad715738ccdf3b,
        type: 3}
      propertyPath: m_LocalRotation.w
      value: 1
      objectReference: {fileID: 0}
    - target: {fileID: 6005783862230782762, guid: 508c68703ad5daa4d9ad715738ccdf3b,
        type: 3}
      propertyPath: m_RootOrder
      value: 3
      objectReference: {fileID: 0}
    - target: {fileID: 6005783862230782762, guid: 508c68703ad5daa4d9ad715738ccdf3b,
        type: 3}
      propertyPath: m_LocalEulerAnglesHint.x
      value: 0
      objectReference: {fileID: 0}
    - target: {fileID: 6005783862230782762, guid: 508c68703ad5daa4d9ad715738ccdf3b,
        type: 3}
      propertyPath: m_LocalEulerAnglesHint.y
      value: 0
      objectReference: {fileID: 0}
    - target: {fileID: 6005783862230782762, guid: 508c68703ad5daa4d9ad715738ccdf3b,
        type: 3}
      propertyPath: m_LocalEulerAnglesHint.z
      value: 0
      objectReference: {fileID: 0}
    - target: {fileID: 8261541070540187418, guid: 508c68703ad5daa4d9ad715738ccdf3b,
        type: 3}
      propertyPath: score
      value: 
      objectReference: {fileID: 569678477}
    - target: {fileID: 8261541070540187418, guid: 508c68703ad5daa4d9ad715738ccdf3b,
        type: 3}
      propertyPath: gameOverPanel
      value: 
      objectReference: {fileID: 569678476}
    m_RemovedComponents: []
  m_SourcePrefab: {fileID: 100100000, guid: 508c68703ad5daa4d9ad715738ccdf3b, type: 3}
--- !u!1001 &5747312831755818191
PrefabInstance:
  m_ObjectHideFlags: 0
  serializedVersion: 2
  m_Modification:
    m_TransformParent: {fileID: 1376779014}
    m_Modifications:
    - target: {fileID: 5747312830173192743, guid: 6ba74a87386de8b47b638dce131c360e,
        type: 3}
      propertyPath: m_Name
      value: SpawnPoint
      objectReference: {fileID: 0}
    - target: {fileID: 6663041363932849116, guid: 6ba74a87386de8b47b638dce131c360e,
        type: 3}
      propertyPath: m_LocalPosition.x
      value: 0
      objectReference: {fileID: 0}
    - target: {fileID: 6663041363932849116, guid: 6ba74a87386de8b47b638dce131c360e,
        type: 3}
      propertyPath: m_LocalPosition.y
      value: 0
      objectReference: {fileID: 0}
    - target: {fileID: 6663041363932849116, guid: 6ba74a87386de8b47b638dce131c360e,
        type: 3}
      propertyPath: m_LocalPosition.z
      value: 0
      objectReference: {fileID: 0}
    - target: {fileID: 6663041363932849116, guid: 6ba74a87386de8b47b638dce131c360e,
        type: 3}
      propertyPath: m_LocalRotation.x
      value: 0
      objectReference: {fileID: 0}
    - target: {fileID: 6663041363932849116, guid: 6ba74a87386de8b47b638dce131c360e,
        type: 3}
      propertyPath: m_LocalRotation.y
      value: 0
      objectReference: {fileID: 0}
    - target: {fileID: 6663041363932849116, guid: 6ba74a87386de8b47b638dce131c360e,
        type: 3}
      propertyPath: m_LocalRotation.z
      value: 0
      objectReference: {fileID: 0}
    - target: {fileID: 6663041363932849116, guid: 6ba74a87386de8b47b638dce131c360e,
        type: 3}
      propertyPath: m_LocalRotation.w
      value: 1
      objectReference: {fileID: 0}
    - target: {fileID: 6663041363932849116, guid: 6ba74a87386de8b47b638dce131c360e,
        type: 3}
      propertyPath: m_RootOrder
      value: 8
      objectReference: {fileID: 0}
    - target: {fileID: 6663041363932849116, guid: 6ba74a87386de8b47b638dce131c360e,
        type: 3}
      propertyPath: m_LocalEulerAnglesHint.x
      value: 0
      objectReference: {fileID: 0}
    - target: {fileID: 6663041363932849116, guid: 6ba74a87386de8b47b638dce131c360e,
        type: 3}
      propertyPath: m_LocalEulerAnglesHint.y
      value: 0
      objectReference: {fileID: 0}
    - target: {fileID: 6663041363932849116, guid: 6ba74a87386de8b47b638dce131c360e,
        type: 3}
      propertyPath: m_LocalEulerAnglesHint.z
      value: 0
      objectReference: {fileID: 0}
    - target: {fileID: 6663041363932849116, guid: 6ba74a87386de8b47b638dce131c360e,
        type: 3}
      propertyPath: m_AnchoredPosition.x
      value: 151.9
      objectReference: {fileID: 0}
    - target: {fileID: 6663041363932849116, guid: 6ba74a87386de8b47b638dce131c360e,
        type: 3}
      propertyPath: m_AnchoredPosition.y
      value: 338.5
      objectReference: {fileID: 0}
    - target: {fileID: 6663041363932849116, guid: 6ba74a87386de8b47b638dce131c360e,
        type: 3}
      propertyPath: m_SizeDelta.x
      value: 50
      objectReference: {fileID: 0}
    - target: {fileID: 6663041363932849116, guid: 6ba74a87386de8b47b638dce131c360e,
        type: 3}
      propertyPath: m_SizeDelta.y
      value: 50
      objectReference: {fileID: 0}
    - target: {fileID: 6663041363932849116, guid: 6ba74a87386de8b47b638dce131c360e,
        type: 3}
      propertyPath: m_AnchorMin.x
      value: 0.5
      objectReference: {fileID: 0}
    - target: {fileID: 6663041363932849116, guid: 6ba74a87386de8b47b638dce131c360e,
        type: 3}
      propertyPath: m_AnchorMin.y
      value: 0.5
      objectReference: {fileID: 0}
    - target: {fileID: 6663041363932849116, guid: 6ba74a87386de8b47b638dce131c360e,
        type: 3}
      propertyPath: m_AnchorMax.x
      value: 0.5
      objectReference: {fileID: 0}
    - target: {fileID: 6663041363932849116, guid: 6ba74a87386de8b47b638dce131c360e,
        type: 3}
      propertyPath: m_AnchorMax.y
      value: 0.5
      objectReference: {fileID: 0}
    - target: {fileID: 6663041363932849116, guid: 6ba74a87386de8b47b638dce131c360e,
        type: 3}
      propertyPath: m_Pivot.x
      value: 0.5
      objectReference: {fileID: 0}
    - target: {fileID: 6663041363932849116, guid: 6ba74a87386de8b47b638dce131c360e,
        type: 3}
      propertyPath: m_Pivot.y
      value: 0.5
      objectReference: {fileID: 0}
    m_RemovedComponents: []
  m_SourcePrefab: {fileID: 100100000, guid: 6ba74a87386de8b47b638dce131c360e, type: 3}
--- !u!1001 &7645049399927550415
PrefabInstance:
  m_ObjectHideFlags: 0
  serializedVersion: 2
  m_Modification:
    m_TransformParent: {fileID: 0}
    m_Modifications:
    - target: {fileID: 7645049400012245327, guid: 5651828c1538ec54db1a6a24ea751906,
        type: 3}
      propertyPath: m_LocalPosition.x
      value: 0
      objectReference: {fileID: 0}
    - target: {fileID: 7645049400012245327, guid: 5651828c1538ec54db1a6a24ea751906,
        type: 3}
      propertyPath: m_LocalPosition.y
      value: 0
      objectReference: {fileID: 0}
    - target: {fileID: 7645049400012245327, guid: 5651828c1538ec54db1a6a24ea751906,
        type: 3}
      propertyPath: m_LocalPosition.z
      value: -100
      objectReference: {fileID: 0}
    - target: {fileID: 7645049400012245327, guid: 5651828c1538ec54db1a6a24ea751906,
        type: 3}
      propertyPath: m_LocalRotation.x
      value: 0
      objectReference: {fileID: 0}
    - target: {fileID: 7645049400012245327, guid: 5651828c1538ec54db1a6a24ea751906,
        type: 3}
      propertyPath: m_LocalRotation.y
      value: 0
      objectReference: {fileID: 0}
    - target: {fileID: 7645049400012245327, guid: 5651828c1538ec54db1a6a24ea751906,
        type: 3}
      propertyPath: m_LocalRotation.z
      value: 0
      objectReference: {fileID: 0}
    - target: {fileID: 7645049400012245327, guid: 5651828c1538ec54db1a6a24ea751906,
        type: 3}
      propertyPath: m_LocalRotation.w
      value: 1
      objectReference: {fileID: 0}
    - target: {fileID: 7645049400012245327, guid: 5651828c1538ec54db1a6a24ea751906,
        type: 3}
      propertyPath: m_RootOrder
      value: 0
      objectReference: {fileID: 0}
    - target: {fileID: 7645049400012245327, guid: 5651828c1538ec54db1a6a24ea751906,
        type: 3}
      propertyPath: m_LocalEulerAnglesHint.x
      value: 0
      objectReference: {fileID: 0}
    - target: {fileID: 7645049400012245327, guid: 5651828c1538ec54db1a6a24ea751906,
        type: 3}
      propertyPath: m_LocalEulerAnglesHint.y
      value: 0
      objectReference: {fileID: 0}
    - target: {fileID: 7645049400012245327, guid: 5651828c1538ec54db1a6a24ea751906,
        type: 3}
      propertyPath: m_LocalEulerAnglesHint.z
      value: 0
      objectReference: {fileID: 0}
    - target: {fileID: 7645049400012245427, guid: 5651828c1538ec54db1a6a24ea751906,
        type: 3}
      propertyPath: m_Name
      value: Main Camera
      objectReference: {fileID: 0}
    m_RemovedComponents: []
  m_SourcePrefab: {fileID: 100100000, guid: 5651828c1538ec54db1a6a24ea751906, type: 3}
